1661 2519
212 101 259 137 26
541 101 588 137 P.
640 99 887 137 VERGILI
921 99 1201 137 MARONJS

212 185 323 220 Parte
353 181 479 231 prior3
518 189 664 230 partem
694 189 817 220 rostro
846 181 985 232 premit
1013 183 1165 220 aemula
1195 181 1338 220 Pristis.

210 238 262 273 At
292 235 422 274 media
450 235 578 274 socios
606 235 794 274 incedens
824 249 922 274 nave
950 248 1018 285 per
1046 235 1152 286 ipsos

214 291 401 327 Hortatur
431 289 685 328 Mnestheus:
726 291 879 336 ‘Nunc‚
909 301 1013 327 nunc
1041 288 1224 339 insurgite
1252 287 1378 335 remis,

213 341 426 380 ‘Hectorei
456 340 562 388 socii,
593 341 734 380 Troiae
763 354 861 390 quos
891 349 993 381 sorte
1022 355 1204 392 suprema
1459 355 1532 391 190

212 395 375 444 ‘Delegi
403 395 566 433 comites
581 409 591 443 3
629 408 733 433 nunc
761 395 844 433 illas
873 395 1038 445 promite
1066 395 1177 442 vires,

214 450 353 486 ‘Nunc
382 448 545 495 animos,
577 448 717 497 quibus
746 448 786 486 in
815 448 990 487 Gaetulis
1019 448 1192 498 Syrtibus
1221 447 1280 486 usi

213 501 430 551 ‘Ionioque
459 502 554 539 mari
585 503 817 551 Maleaeque
846 501 1078 551 sequacibus
1107 501 1231 540 undis.

213 557 328 593 ‘Non
357 555 434 592 iam
462 555 587 604 prima
614 562 707 604 peto
737 556 980 603 Mnestheus,
1011 568 1139 604 neque
1168 554 1322 593 vincere
1350 562 1480 601 certo;

200 610 487 658 .‘Quamquam
516 609 689 647 ol—sed
717 616 912 658 superent,
943 608 1085 658 quibus
1114 609 1201 656 hoc,
1236 610 1434 658 Neptune,
1470 608 1534 646 de-

266 662 380 710 disti;
431 683 436 689 ,
1459 673 1530 710 195

215 719 223 736 ‘
254 717 442 754 thremos
472 717 618 764 pudeat
647 715 829 763 rediisse:
868 716 945 754 hoc
973 714 1127 762 vincite,
1158 714 1273 761 cives,

215 771 287 806 ‘Et
319 768 522 818 prohibete
551 767 684 808 nefas?
722 766 819 808 vOlli
847 768 1058 807 certamine
1088 781 1242 807 summo

215 823 504 860 Procumbunt:
540 822 658 860 vastis
686 822 814 860 tremit
842 821 985 860 ictibus
1013 835 1126 860 aerea
1154 820 1307 871 puppis,

213 876 534 924 Subtrahiturque
563 876 689 913 s‘olum
703 890 713 923 3
751 883 833 913 tum
861 876 995 914 creber
1022 874 1217 913 anhelitus
1246 881 1348 913 artus

214 929 413 978 Aridaque
442 942 509 967 ora
537 928 685 977 quatit3
723 929 842 967 sudor
871 929 955 967 fluit
983 928 1155 978 undique
1184 928 1282 966 rivis.
1461 940 1535 964 200

216 978 355 1020 Attulit
388 982 471 1032 ipse
504 981 597 1034 viris?
627 990 804 1035 optatum
838 995 950 1020 casus
983 982 1183 1020 honorem.

217 1038 399 1085 Namque
429 1037 559 1074 furens
592 1024 840 1087 animf'dum
871 1048 1025 1085 proram
1056 1036 1106 1073 ad
1140 1048 1230 1073 saxa
1263 1035 1472 1084 suburguet

217 1089 384 1127 Interior
416 1089 621 1139 spatioque
655 1089 758 1142 subit
791 1091 991 1138 Sergestus
1024 1088 1172 1138 iniquo,

217 1142 357 1181 Infelix
390 1139 561 1180 saxi-sin
594 1138 907 1192 procur-rentibus
941 1142 1074 1180 haesit.

216 1198 562 1256 Concussae,ffiaut
607 1226 616 1243 ‚
650 1204 687 1234 et
720 1203 836 1234 acuto
869 1195 909 1233 in
942 1195 1088 1233 murice
1122 1194 1218 1233 remi
1462 1205 1533 1243 205

157 1241 363 1289 ²¹''Obn1'xi
397 1239 593 1299 crepiiesse,
625 1248 816 1298 inlisaque
848 1262 963 1298 prora
995 1248 1195 1298 pependit.

217 1305 466 1353 Consurgunt
495 1309 646 1350 nautae,
680 1310 719 1341 et
751 1315 893 1352 magno
926 1304 1095 1340 clamore
1126 1308 1334 1350 morantur,

222 1359 477 1405 Ferratasque
509 1357 641 1394 trudes
672 1363 710 1394 et
740 1364 854 1394 acuta
882 1356 1045 1405 cuspide
1076 1362 1214 1394 contos

219 1410 455 1460 Expediunt,
490 1410 708 1458 fractosque
740 1411 874 1459 legunt
902 1409 943 1447 in
972 1408 1120 1459 gurgite
1152 1421 1291 1447 remos.
1426 1457 1430 1461 .

217 1465 270 1502 At
301 1465 423 1502 laetus
456 1464 685 1501 Mnestheus
717 1475 978 1512 successuque
1007 1462 1130 1501 acrior
1159 1462 1246 1511 ipso
1464 1474 1538 1498 210

218 1518 385 1566 Agmine
418 1529 611 1555 remorum
642 1516 756 1554 celeri
786 1516 990 1565 ventisque
1023 1515 1170 1554 vocatis

192 1572 345 1623 „Prona
375 1569 473 1619 petit
506 1569 637 1617 maria,
672 1577 710 1608 et
740 1570 879 1619 pelago
910 1569 1077 1608 decurrit
1107 1575 1252 1618 aperto.

159 1650 167 1659 ,.
195 1624 356 1672 »Qualis
387 1625 575 1672 spelunca
607 1622 738 1661 subito
768 1630 968 1661 commota
998 1624 1191 1668 columba,

160 1675 161 1678 '
221 1677 295 1716 Cui
326 1678 467 1716 domus
501 1684 539 1714 et
572 1677 707 1715 dulces
741 1677 936 1714 latebroso
970 1676 1009 1714 in
1043 1676 1199 1726 pumice
1230 1674 1324 1721 nidi,

165 1762 167 1774 1
221 1732 354 1768 Fertur
379 1730 419 1768 in
450 1743 540 1768 arva
572 1731 719 1777 volans,
751 1731 1008 1779 plausumque
1040 1729 1219 1767 exterrita
1252 1727 1390 1778 pennis
1465 1739 1536 1776 215

221 1786 299 1822 Dat
330 1791 434 1822 tecto
468 1783 677 1833 ingentem,
708 1796 802 1821 mox
835 1785 922 1821 aere
953 1785 1062 1832 lapsa
1095 1782 1226 1832 quieto

221 1837 340 1875 Radit
374 1838 444 1876 iter
473 1837 678 1886 liquidum,
711 1838 855 1875 celeres
889 1849 1018 1886 neque
1050 1842 1274 1874 commovet
1307 1835 1413 1872 alas:

220 1891 283 1929 Sic
318 1891 562 1936 Mnestheus,
595 1889 649 1928 sic
683 1889 767 1939 ipsa
800 1891 890 1939 fuga
923 1897 1027 1928 secat
1060 1889 1195 1926 ultima
1228 1887 1360 1926 Pristis

221 1946 414 1994 Aequora,
451 1943 506 1982 sie
539 1944 643 1981 illam
675 1945 746 1981 sert
775 1942 945 1992 impetus
975 1943 1058 1992 ipse
1088 1943 1297 1980 volantem.

224 1999 270 2035 Et
305 1997 470 2046 primum
505 1996 543 2034 in
579 1997 743 2045 scopulo
775 1998 989 2034 luctantem
1024 1995 1167 2034 deserit
1200 1996 1278 2033 alto
1463 2007 1538 2032 220

221 2052 439 2100 Sergestum
474 2050 734 2099 brevibusque
767 2050 889 2097 vadis,
919 2050 1134 2099 frustraque
1164 2055 1370 2087 vocantem

221 2103 385 2149 Auxilia,
420 2111 456 2141 et
490 2103 618 2141 fractis
652 2094 869 2141 discentem
904 2115 1054 2141 currere
1086 2101 1210 2140 remis.

223 2157 323 2195 Inde
354 2158 466 2206 Gyan
497 2156 702 2205 ipsamque
735 2155 884 2205 ingenti
918 2157 1022 2194 mole
1055 2155 1304 2195 Chimaeram

222 2210 509 2259 Consequitur3
547 2209 663 2255 cedit,
698 2209 882 2258 quoniam
919 2209 1082 2258 spoliata
1116 2208 1299 2258 magistro
1332 2214 1401 2246 est.

221 2265 333 2302 Solus
364 2263 520 2312 iamque
554 2263 639 2312 ipso
671 2269 845 2312 superest
878 2262 918 2299 in
952 2263 1028 2301 fine
1059 2262 1290 2307 Cloanthus,
1467 2271 1538 2310 225
