1661 2519
512 469 555 510 P.
589 468 852 509 VERGILI
888 468 977 508 MA
988 468 1180 510 RONIS

450 606 1251 667 AENEIDOS

614 758 779 794 LIBER
819 758 1083 806 QUINTUS.

187 938 378 974 INTEREA
407 933 582 972 medium
613 935 768 972 Aeneas
797 929 875 978 ia’m
905 934 1028 973 classe
1058 936 1218 985 tenebat

187 992 327 1028 Certus
355 986 438 1034 iter,
469 986 690 1036 fluctusque
719 990 822 1025 atros
847 987 1044 1039 Aquone
1073 986 1243 1039 secabat,

188 1041 350 1081 Moenia
378 1040 602 1090 respiciens,
633 1037 842 1092 quie—sain
856 1036 1036 1080 'Infelicis
1067 1042 1215 1081 Elissae
1258 1084 1266 1087 X
1310 1086 1314 1087 ⁷

187 1094 411 1135 Conlucent
438 1093 615 1132 flammis.
676 1095 790 1142 Quae
820 1101 973 1132 tantum
1003 1094 1228 1134 accenderit
1258 1095 1387 1146 ignem

188 1148 319 1189 Causa
347 1148 465 1197 latet3
503 1146 589 1186 duri
619 1160 763 1197 magno
793 1148 863 1186 sed
891 1149 1025 1187 amore
1054 1150 1209 1188 dolores
1490 1162 1510 1200 5

189 1204 357 1250 Polluto,
388 1209 616 1250 notumque,
646 1202 776 1239 furens
805 1201 900 1249 quid
929 1201 1077 1240 femina
1103 1204 1239 1252 possit,

185 1257 315 1295 Triste
344 1269 413 1305 per
441 1254 644 1304 augurium
673 1256 916 1292 Teucrorum
945 1263 1107 1304 pectora
1135 1257 1295 1294 ducunt.

187 1313 245 1350 Ut
273 1310 434 1359 pelagus
463 1316 623 1346 tenuere
652 1316 764 1354 rate5‚
795 1321 870 1346 nec
898 1307 975 1345 iam
1005 1309 1172 1359 amplius
1202 1311 1280 1348 ulla

188 1363 368 1404 Occurrit
396 1363 520 1409 tellus,
552 1361 673 1399 maria
700 1361 796 1399 undi
825 1374 873 1399 ue
903 1369 941 1400 et
970 1362 1145 1416 undique
1173 1364 1337 1411 caelum,
1363 1363 1661 1422 Jumzofiflcq

188 1417 268 1464 QUi
296 1417 500 1455 caeruleus
529 1427 648 1464 supra
676 1423 796 1463 caput
825 1428 848 1453 a
879 1422 974 1453 stitit
1002 1428 1054 1453 im
1087 1428 1136 1462 er,
1226 1416 1313 1420 ”“”
1468 1432 1513 1455 10

192 1473 359 1509 Noctem
389 1469 639 1517 hiememque
668 1469 806 1515 ferens,
839 1476 877 1506 et
906 1468 1096 1507 inhorruit
1123 1471 1231 1508 unda
1259 1470 1439 1509 tenebris.

190 1527 280 1574 Ipse
309 1524 548 1573 gubernator
574 1521 697 1571 puppi
726 1521 930 1559 Palinurus
959 1523 1008 1560 ab
1038 1524 1139 1561 alta:
1300 1514 1378 1527 ’ἠ

189 1580 331 1616 ‘Heul
371 1576 558 1626 quianam
587 1575 685 1613 tanti
713 1575 917 1613 cinxerunt
945 1577 1102 1614 aethera
1131 1576 1284 1616 nimbi?

190 1631 382 1680 ‘Quidve‚
416 1637 525 1679 pater
556 1630 752 1678 Neptune,
783 1630 940 1678 paras?'
997 1629 1061 1668 Sic
1089 1630 1233 1669 deinde
1261 1633 1416 1670 locutus

189 1684 382 1734 Colligere
411 1696 517 1721 arma
545 1681 664 1745 iubet³
694 1682 913 1732 validisque
942 1682 1169 1722 incumbere
1198 1685 1324 1732 remis,
1472 1703 1514 1740 15

190 1738 459 1787 Obliquatque
491 1724 598 1787 sin&
626 1748 667 1773 m
695 1728 869 1783 ventum,
900 1749 945 1773 ac
975 1736 1066 1774 talia
1095 1739 1218 1775 fatur:

190 1791 468 1841 ‘Magnanime
497 1791 645 1837 Aenea,
678 1802 770 1836 non,
803 1789 834 1827 si
863 1789 958 1826 mihi
989 1790 1166 1839 Iuppiter
1194 1798 1328 1829 auctor

190 1845 425 1895 ‘Spondeat‚
456 1844 533 1881 hoc
560 1855 714 1892 sperem
744 1842 900 1880 Italiam
930 1843 1155 1893 contingere
1185 1846 1306 1885 caelo.

194 1897 364 1937 ‘Mutati
393 1904 609 1934 transversa
638 1896 808 1934 fremunt
837 1903 877 1933 et
905 1909 1066 1945 vespere
1094 1898 1145 1935 ab
1175 1906 1260 1936 atro

191 1954 466 2000 ‘Consurgunt
494 1949 612 1996 venti,
643 1956 763 1998 atque
792 1949 831 1986 in
861 1950 1009 1988 nubem
1038 1950 1188 2000 cogitur
1217 1964 1292 1990 aer.
1467 1967 1512 1990 20

192 2007 301 2044 ‘Nec
329 2017 402 2042 nos
432 2002 557 2041 obniti
585 2010 733 2049 contra,
764 2015 838 2040 nec
867 2004 1029 2042 tendere
1058 2011 1210 2042 tantum

191 2058 444 2098 ‘Sufficimus.
503 2057 666 2105 Superat
694 2055 881 2105 quoniam
912 2057 1092 2104 Fortuna,
1126 2070 1345 2106 sequamur,

193 2110 384 2162 ‘Qub‘que
411 2117 538 2157 vocat,
567 2116 761 2158 vertamus
789 2109 869 2147 iter.
908 2111 1045 2163 {Necfl
1045 2111 1156 2148 litora
1184 2112 1301 2161 longe

193 2171 202 2188 ‘
218 2166 315 2204 Fida
341 2176 428 2202 reor
455 2164 622 2201 fraterna
651 2152 1027 2212 Ergcis'portusqii‘e
1055 2164 1228 2211 Sicanos,

192 2219 254 2258 ‘Si
284 2218 405 2256 modo
433 2216 505 2254 rite
533 2228 684 2254 memor
711 2224 862 2254 servata
889 2216 1069 2255 remetior
1096 2219 1222 2256 astra!
1467 2231 1514 2269 25

187 2275 292 2313 Tum
320 2271 407 2322 pius
435 2273 614 2308 Aeneas:
653 2269 871 2318 ‘Equidem
900 2269 956 2308 sic
983 2283 1145 2320 poscere
1171 2279 1310 2311 ventos
