1661 2519
543 90 864 128 AENEIDOS
897 91 1010 128 LIB.
1062 91 1100 127 V.
1433 103 1476 139 25

155 177 399 215 Concussere
430 174 539 224 iugis,
574 174 768 225 pronique
801 175 841 213 in
871 177 1031 214 verbera
1062 176 1245 224 pendent.

155 231 260 267 Tum
292 230 431 279 plausu
462 228 696 276 fremituque
726 228 850 266 virum
884 229 1103 278 studiisque
1133 230 1331 268 faventum

156 283 362 321 Consonat
392 294 510 320 omne
543 294 695 328 nemus,
729 294 949 331 vocemque
979 282 1142 321 inclusa,
1159 283 1338 320 volutant
1397 314 1424 327 ,[

156 336 311 383 Litora,
347 335 850 394 qu-lle—s-CQQ
879 336 1076 373 resultant.
1108 324 1297 413 lKiffl
1357 342 1376 352 ⁸

156 388 300 439 Effugit
333 395 424 426 ante
455 388 552 426 alios
585 387 797 437 primisque
832 388 996 427 elabitur
1026 388 1141 427 undis
1266 404 1267 407 ¹

153 442 327 480 Turbam
347 441 447 480 inter
465 441 743 490 fremitumque
763 443 894 490 Gyas;
928 455 1045 491 quem
1067 442 1211 480 deinde
1233 400 1449 481 Cloanthus

154 494 429 545 Consequitur,
462 494 600 533 melior
632 494 758 540 remis,
794 495 865 533 sed
897 496 1075 544 pondere
1106 495 1221 544 pinus

152 550 283 587 Tarda
312 555 430 587 tenet.
489 549 585 586 Post
615 549 687 586 hos
717 561 844 596 aequo
875 548 1098 587 discrimine
1130 548 1262 586 Pristis

154 603 454 651 Centaurusque
484 602 616 639 locum
650 602 818 639 tendunt
850 614 1031 650 superare
1065 601 1231 651 priorem
1248 615 1258 647 ;
1403 614 1472 651 155

153 657 204 694 Et
237 668 343 693 nunc
377 654 510 692 Pristis
544 655 674 700 habet,
706 667 812 692 nunc
845 655 986 692 victam
1018 655 1198 704 praeterit
1234 655 1369 705 ingens

153 710 384 754 Centaurus,
421 721 527 746 nunc
561 720 640 745 una
671 710 812 746 ambae
844 707 1065 757 iunctisque
1097 710 1273 769 feruntur
1313 757 1315 759 Ι
1469 745 1487 751 ,Α

152 762 373 808 Frontibus,
408 768 447 800 et
480 763 597 810 longa
630 763 782 799 sulcant
811 762 913 800 vada
943 763 1042 799 salsa
1072 762 1218 799 carina
1363 766 1365 768 ’
1539 763 1661 816 ’,ΑΙ

153 817 316 865 Iamque
337 814 686 880 propinquabagt
696 812 892 874 s90pulo„
906 822 1130 878 metamque
1161 804 1397 861 tenebant
1455 813 1533 864 ·<;“
1607 823 1610 826 ’

151 869 255 908 Cum
287 881 469 918 prmceps
500 852 725 917 medioque
741 856 851 917 ὈῩῑι5
882 882 921 905 in
952 869 1101 918 gurgite
1134 869 1258 907 victor
1401 871 1473 906 160

150 923 363 961 Rectorem
392 921 501 959 navis
529 923 740 971 compellat
769 934 865 960 voce
897 924 1134 961 Menoeten:

151 976 267 1024 ‘Quo
295 983 448 1013 tantum
477 974 572 1012 mihi
602 975 736 1013 dexter
763 974 874 1013 abis?
913 976 990 1012 huc
1019 975 1139 1024 dirige
1167 988 1341 1025 gressum
1357 990 1367 1023 3

1383 340 1514 416 '150
1467 316 1597 359 ’Μυῒ
1608 327 1661 360 [ιε

151 1029 285 1067 ‘Litus
313 1042 414 1076 ama,
446 1036 483 1066 et
512 1029 642 1067 laevas
670 1028 831 1078 stringat
859 1028 942 1081 s-i-ne
971 1030 1141 1078 palmula
1169 1038 1302 1067 cautes
1316 1043 1326 1076 ;
1358 1032 1445 1062 *wc-s>
1474 1058 1480 1063 -
1526 1033 1529 1035 ’
1552 1034 1622 1068 ξ.-ι
1657 1070 1661 1079 ,

152 1083 308 1121 ‘Altum
337 1081 401 1120 alii
430 1081 614 1120 teneant.'
672 1081 804 1120 Dixit:
844 1083 914 1120 sed
943 1095 1061 1120 caeca
1091 1084 1300 1121 Menoetes
1373 1085 1380 1090 ‘
1600 1089 1602 1094 “

148 1137 248 1174 Saxa
274 1135 416 1174 timens
445 1148 600 1185 proram
629 1135 755 1185 pelagi
785 1135 990 1185 detorquet
1019 1136 1070 1173 ad
1102 1137 1236 1174 undas.
1399 1139 1467 1186 165

151 1190 264 1238 ‘Quo
293 1189 467 1227 diversus
495 1189 622 1227 abis?'
660 1188 811 1236 iterum,
845 1192 957 1238 ‘pete
987 1202 1089 1235 saxa,
1123 1190 1336 1236 Menoete‚’

149 1244 251 1282 Cum
279 1244 449 1280 clamore
479 1244 584 1292 Gyas
613 1244 846 1291 revocabat,
883 1250 922 1280 et
950 1256 1042 1281 ecce
1072 1244 1309 1282 Cloanthum

148 1296 326 1346 Respicit
353 1296 563 1334 instantem
591 1303 699 1345 tergo
728 1303 766 1334 et
794 1296 975 1345 propiora
1003 1304 1214 1335 tenentem.

149 1351 221 1388 Ille
249 1349 350 1388 inter
377 1362 598 1398 navemque
627 1351 736 1399 Gyae
765 1351 1026 1399 scopulosque
1055 1358 1240 1389 sonantes

148 1403 268 1442 Radit
296 1403 368 1441 iter
395 1404 548 1441 laevom
576 1402 746 1449 interior,
777 1403 985 1452 subitoque
1014 1403 1182 1453 priorem
1398 1416 1470 1452 170

150 1457 334 1495 Praeterit
361 1464 400 1495 et
428 1453 542 1494 m-e'tis
570 1463 677 1494 tenet
706 1468 876 1505 aequora
904 1453 987 1494 tuta
1013 1457 1165 1495 relictis.

146 1512 250 1548 Tum
278 1523 370 1548 vero
398 1509 538 1548 exarsit
565 1509 696 1548 iuveni
725 1510 837 1548 dolor
865 1510 1015 1548 ossibus
1044 1511 1203 1559 ingens;

148 1565 235 1602 Nec
261 1563 429 1601 lacrimis
457 1576 613 1601 caruere
636 1562 766 1612 ‘genae
780 1578 791 1611 3
829 1576 1067 1613 segnemque
1098 1566 1325 1611 Menoeten,

147 1618 304 1656 Oblitus
332 1616 562 1665 decorisque
591 1616 649 1654 sui
677 1616 905 1666 sociumque
934 1617 1077 1664 salutis,

151 1672 196 1708 In
224 1683 330 1708 mare
358 1669 610 1720 praecipitem
639 1670 761 1719 puppi
791 1671 971 1709 deturbat
999 1671 1049 1709 ab
1077 1672 1179 1710 alta:
1398 1683 1466 1721 175

149 1726 239 1774 Ipse
267 1724 505 1774 gubernaclo
533 1730 660 1761 rector
689 1723 804 1769 subit,
835 1723 918 1773 ipse
946 1724 1138 1774 magister,

150 1779 428 1837 Hortaturque
447 1777 560 1824 viros,
567 1778 823 1829 clavomque
851 1778 901 1815 ad
931 1777 1042 1816 litora
1071 1785 1234 1826 torquet.

139 1828 197 1870 Ᾰῖ
225 1830 362 1881 gravis,
392 1838 435 1869 ut
463 1807 592 1868 fundo
614 1843 678 1867 V1x
707 1826 868 1868 tandem
897 1828 1109 1869 redditus
1099 1844 1178 1870 imo
1209 1839 1266 1870 est

146 1886 232 1922 Iam
262 1884 392 1923 senior
419 1883 668 1942 madidaque·
688 1884 812 1922 fluens
841 1883 881 1921 in
909 1892 1017 1922 veste
1047 1886 1256 1924 Menoetes

145 1940 306 1976 Summa
333 1937 430 1987 petit
459 1933 611 1986 scopuli
641 1937 820 1986 siccaque
849 1937 889 1974 in
918 1951 1012 1987 rupe
1041 1938 1194 1976 resedit.
1396 1941 1468 1976 180

146 1992 263 2030 Illum
291 1999 331 2030 et
359 1991 566 2037 labentem
585 1991 645 2033 Te
675 1990 729 2037 cri
757 1998 811 2035 et
823 1991 939 2029 risere
968 1999 1194 2041 natantem,

146 2046 198 2084 Et
227 2045 348 2083 salsos
376 2043 505 2082 rident
533 2037 801 2082 revomentem
830 2051 990 2102 pectore
1019 2046 1169 2083 fluctus.

145 2096 227 2136 Hic
254 2099 356 2136 laeta
384 2096 566 2135 extremis
594 2109 682 2146 spes
712 2104 770 2135 est
797 2110 962 2135 accensa
991 2091 1155 2143 duobus,

0 2151 32 2204 5³⁴
85 2186 95 2192 ,
144 2153 322 2201 Sergesto
352 2150 642 2200 Mnestheique,
674 2151 784 2200 Gyan
816 2163 997 2200 superare
1025 2160 1253 2190 morantem.

61 2198 344 2255 'Sergestus
372 2204 477 2253 capit
505 2211 596 2242 ante
624 2205 755 2241 locum
784 2205 1025 2254 scopuloque
1053 2205 1304 2264 propinquat,
1394 2207 1465 2256 185

144 2260 232 2298 Nec
260 2265 341 2297 tota
369 2265 501 2296 tamen
529 2256 594 2295 ille
622 2256 727 2306 prior
754 2265 966 2306 praeeunte
995 2258 1148 2308 carina,
