1661 2519
181 88 231 135 36
514 88 560 124 P.
611 88 863 125 VERGJLJ
895 89 1174 127 MARONJS

182 172 233 208 Et
267 183 370 207 nunc
402 179 508 219 terga
540 171 630 219 fuga
660 172 822 217 nudant,
854 184 961 209 nunc
994 171 1142 220 spicula
1174 177 1328 209 vertunt

182 222 343 270 Infensi,
374 224 477 260 facta
506 222 649 272 pariter
678 237 783 261 nunc
813 237 911 273 pace
942 225 1126 262 feruntur.

183 277 239 315 Ut
269 276 470 325 quondam
504 277 621 315 Creta
651 277 769 314 fertur
801 276 1061 326 Labyrinthus
1092 276 1131 314 in
1163 278 1242 314 alta

184 328 398 366 Parietibus
429 335 578 366 textum
612 328 740 367 caecis
770 328 854 377 iter,
886 329 1178 379 ancipitemque

185 381 295 419 Mille
328 381 398 419 viis
429 381 610 420 habuisse
643 383 791 428 dolum,
826 395 904 431 qua
933 382 1043 431 signa
1072 381 1264 431 sequendi
1426 393 1502 431 590

153 435 348 491 *lFalleret
379 434 639 483 indeprensus
670 442 709 473 et
741 434 1003 473 inremeabilis
1037 448 1166 473 error:

62 479 159 541 ‘NR‘
188 488 307 524 Haud
341 488 419 525 alio
449 488 643 525 Teucrum
678 487 758 525 nati
791 487 964 537 vestigia*
982 501 1094 525 cursu

185 539 422 589 Impediunt,
455 546 668 590 texuntque
698 541 806 590 fugas
840 548 878 578 et
913 526 1208 590 progl‘ffl‘ludoe

186 593 428 642 Delphinum
462 592 618 640 similes,
654 593 719 642 qui
752 606 820 643 per
849 593 969 631 maria
999 592 1162 631 humida
1195 593 1327 631 nando

186 645 442 695 Carpathium
476 645 747 695 Libycumque
778 654 911 685 secant
944 647 1164 695 luduntque
1194 659 1262 695 per
1295 646 1427 683 undas.

186 700 306 736 Hunc
339 711 488 737 morem
521 711 655 737 cursus
685 706 802 748 atque
833 701 930 737 haec
963 699 1175 737 certamina
1203 698 1348 748 primus
1427 701 1503 748 596

185 751 385 798 Ascanius,
419 753 598 800 Longam
629 752 748 790 muris
777 765 866 790 cum
893 752 1064 801 cingeret
1098 753 1249 798 Albam,

187 804 363 850 Rettulit,
400 812 437 842 et
469 805 615 853 priscos
649 804 785 843 docuit
817 806 1013 843 celebrare
1045 804 1216 850 Latinos,

186 858 277 905 Quo
308 870 404 906 puer
436 857 518 906 ipse
550 859 681 904 modo,
716 870 849 896 secum
881 871 960 907 quo
990 858 1109 896 Troia
1141 859 1328 911 pubes·.5
1374 846 1503 947 phut!

185 910 328 948 Albani
359 911 528 948 docuere
561 923 651 949 suos
668 925 678 958 3
715 911 807 948 hinc
837 911 1006 949 maxima
1035 923 1150 960 pqrro
1182 919 1231 943 ‘2¹1
1258 886 1322 937 ,5'5
1346 903 1355 916 ⁸
1429 912 1452 948 6
1482 925 1505 947 0

184 963 349 1013 Accepit
381 965 521 1010 Roma,
554 971 592 1002 et
622 963 788 1013 patrium
821 964 984 1002 servavit
1015 964 1235 1008 honorem;
1283 964 1285 968 ’

186 1016 384 1065 Troiaque
415 1029 520 1054 nunc
551 1017 672 1066 pueri,
706 1017 920 1056 Troianum
954 1017 1093 1055 dicitur
1122 1029 1271 1065 agmen.

188 1071 277 1107 Hac
310 1070 502 1108 celebrata
533 1077 645 1107 tenus
675 1078 811 1108 sancto
843 1069 1053 1108 certamina
1086 1069 1192 1119 patri.

242 1122 321 1160 Hic
351 1122 518 1171 primum
547 1123 701 1161 fortuna
733 1124 852 1161 fidem
886 1130 1035 1161 mutata
1065 1121 1231 1160 novavit.

188 1177 294 1213 Dum
327 1175 439 1213 variis
473 1177 623 1213 tumulo
653 1177 822 1214 referunt
855 1176 1059 1223 SOQQia
1088 1175 1213 1223 ludis,
1430 1176 1504 1224 605

189 1228 281 1266 Irim
316 1229 365 1267 de
396 1229 505 1266 caelo
536 1228 640 1266 misit
674 1219 988 1278 Saturnialh—ino

750 1272 867 1285 d

116 1297 124 1301 ·
189 1281 349 1319 Iliacam
379 1282 427 1319 ad
463 1282 639 1328 classem,
671 1289 889 1331 ventosque
921 1281 1094 1331 adspirat
1129 1280 1248 1327 eunti,

190 1336 318 1372 Multa
347 1347 520 1380 movens,
552 1335 724 1373 necdum
755 1336 957 1384 antiquum
992 1342 1162 1373 saturata
1192 1334 1378 1373 dolorem.

190 1389 274 1433 Illa,
306 1387 408 1425 viam
439 1389 612 1426 celerans
642 1401 711 1437 per
740 1388 846 1426 mille
876 1388 1070 1426 coloribus
1101 1400 1244 1433 arcum,

145 1470 157 1475 ,
189 1440 296 1479 Nulli
330 1440 411 1478 visa
444 1440 521 1479 cito
555 1441 722 1479 decurrit
755 1441 907 1479 tramite
938 1440 1067 1489 virgo:
1431 1441 1508 1476 610

189 1493 392 1542 Conspicit
423 1493 621 1543 ingentem
655 1493 900 1540 concursum,
933 1500 972 1532 et
1005 1493 1115 1531 litora
1146 1495 1293 1540 lustrat,

191 1549 454 1596 Desertosque
484 1546 590 1585 videt
622 1555 756 1596 portus
787 1548 1027 1596 classemque
1055 1545 1238 1588 relictam.
1296 1587 1301 1607 x

188 1601 241 1638 At
271 1601 407 1649 procul
440 1600 480 1637 in
511 1601 595 1638 sola
627 1607 799 1638 secretae
828 1600 1005 1638 Troades
1031 1606 1119 1637 acta
1201 1618 1204 1620 ·

188 1652 388 1690 Amissum
421 1652 620 1690 Anchisen
653 1654 809 1700 flebant,
844 1647 1086 1702 cunctaeqffi
1114 1651 1352 1702 profundum

191 1708 361 1744 Pontum
392 1706 676 1755 adspectabant
704 1707 864 1744 flentes:
903 1707 1031 1753 ‘Heu,
1060 1712 1117 1743 tot
1146 1706 1248 1743 vada
1274 1704 1396 1753 fessis,
1431 1707 1506 1754 615

191 1761 265 1796 ‘Et
299 1766 450 1796 tantum
485 1771 689 1808 superesse
718 1759 877 1797 marisl'
919 1771 995 1796 vox
1028 1757 1210 1796 omnibus
1244 1770 1331 1795 una.

190 1813 340 1850 Urbem
371 1819 507 1859 orant,
544 1813 675 1850 taedet
706 1811 833 1861 pelagi
866 1812 1032 1861 perferre
1064 1811 1246 1850 laborem.

190 1867 293 1914 Ergo
324 1863 423 1903 inter
455 1865 603 1903 medias
637 1877 722 1903 sese
755 1865 860 1903 haud
891 1864 1023 1914 ignara
1052 1863 1224 1902 nocendi

191 1916 356 1963 Conicit,
393 1925 429 1955 et
460 1918 678 1967 faciemque
711 1918 808 1956 deae
840 1926 1067 1966 vestemque
1101 1916 1279 1966 reponit:

192 1970 251 2008 Fit
286 1973 419 2020 Be-roe,
452 1970 599 2008 Tmarii
631 1970 801 2009 coniunx
833 1971 1024 2020 longaeva
1058 1969 1229 2019 Dorycli,
1432 1972 1509 2021 620
1569 2004 1575 2011 ,

191 2022 265 2062 Cui
299 2036 421 2072 genus
455 2030 493 2061 et
527 2024 728 2072 quondam
759 2036 905 2062 nomen
940 2023 1098 2072 natique
1131 2022 1360 2070 fuissent3’1-
1404 2031 1473 2052 'ww

190 2079 249 2114 Ac
279 2076 333 2114 sic
365 2076 635 2114 Dardanidum
666 2075 836 2115 mediam
869 2089 910 2114 se
943 2076 1127 2114 matribus
1159 2075 1296 2113 infert:

192 2131 250 2168 ‘O
282 2129 456 2175 miserae,
488 2142 584 2178 quas
618 2142 698 2167 non
732 2130 897 2176 manus,'
927 2127 1063 2178 inquit,
1099 2127 1294 2166 ‘Achaica
1324 2129 1429 2166 bello

192 2181 388 2225 ‘Traxerit
418 2182 468 2220 ad
502 2183 622 2220 letum
657 2182 804 2231 patriae
835 2183 908 2220 sub
938 2181 1169 2220 moenibus!
1194 2193 1233 2235 „⁰
1265 2194 1360 2230 gens

194 2235 380 2273 ‘Infelixl
420 2233 481 2272 cui
515 2242 553 2272 te
583 2234 701 2273 exitio
736 2236 908 2273 Fortuna
940 2242 1107 2273 reservat
1120 2236 1186 2280 ΡἽ
1431 2234 1506 2282 625
