1661 2519
185 110 234 144 24
506 98 552 135 P.
604 97 859 136 VERGJLJ
888 97 1169 136 MARONJS

183 181 382 221 Excierat:
424 182 527 221 laeto
556 184 797 232 complerant
825 183 937 222 litora
964 190 1091 230 coetu,

183 234 312 273 Visuri
343 236 558 282 Aeneadas,
589 249 678 285 pars
706 243 745 274 et
774 243 919 275 certare
948 236 1081 286 parati.

185 289 350 326 Munera
377 287 568 338 principio
596 295 688 327 ante
716 290 852 328 oculos
881 289 1062 338 circoque
1092 290 1269 327 locantur

183 342 232 379 In
260 339 403 387 medio,
434 341 529 379 sacri
559 341 732 392 tripodes
761 342 982 390 viridesque
1011 355 1179 381 coronae
1426 354 1498 378 110

184 396 234 432 Et
263 394 417 443 palmae
446 394 613 443 pretium
642 395 864 441 victoribus,
895 408 1092 444 armaque,
1123 402 1162 434 et
1190 401 1296 433 ostro

182 448 364 486 Perfusae
389 454 528 493 vestes,
558 447 707 498 argenti
735 449 894 498 aurique
924 450 1093 487 talenta:

184 502 234 538 Et
262 502 357 538 tuba
385 500 616 540 commissos
645 501 777 540 medio
806 501 912 540 canit
940 514 1077 551 aggere
1106 501 1231 539 ludos.

183 553 312 591 Prima
339 566 451 603 pares
479 553 617 592 ineunt
644 555 823 604 gravibus
852 555 1065 593 certamina
1092 553 1207 592 remis

182 608 378 654 Quattuor
403 619 453 645 ex
480 607 589 645 omni
618 608 792 646 delectae
821 609 942 646 classe
970 607 1148 645 carinae:
1426 617 1495 655 115

182 661 369 698 Velocem
401 661 632 699 Mnestheus
661 661 739 710 agit
767 660 843 699 acri
871 660 1015 710 remige
1045 659 1211 705 Pristim,

122 704 282 751 Qsox
310 713 431 751 Italus
461 715 703 759 Mnestheus,
732 727 854 763 genus
883 727 905 752 a
934 726 1011 763 quo
1040 713 1200 752 nomine
1231 712 1407 756 Memmi,

183 751 470 815 fr'igentemque
500 769 604 816 Gyas
633 767 779 817 ingenti
807 768 911 805 mole
940 766 1200 811 Chimaeram,

182 818 302 858 Urbis
330 832 439 869 opus,
470 819 610 869 triplici
639 822 763 869 pubes
792 833 910 870 quam
942 820 1128 858 Dardana
1156 832 1267 857 versu

182 873 408 921 Impellunt‚
438 879 476 911 t
452 871 1134 931 Qi
1425 884 1497 909 120

181 926 470 975 Sergestusque,
506 928 648 965 domus
680 934 787 965 tenet
820 940 843 964 a
875 939 954 976 quo
985 923 1116 975 'Sergia
1148 938 1304 971 nomen,

182 979 379 1017 Centauro
412 979 605 1017 invehitur
637 993 789 1029 magna,
822 981 1028 1028 Scyllaque
1061 980 1278 1018 Cloanthus

181 1032 381 1078 Caerulea,
412 1042 537 1081 genus
570 1033 675 1070 unde
710 1033 790 1078 tibi,
827 1035 1008 1071 Romane
1042 1031 1210 1071 Cluenti.

235 1086 305 1122 Est
337 1086 473 1134 procul
506 1085 546 1123 in
580 1087 718 1135 pelago
749 1099 883 1123 saxum
915 1084 1137 1136 spumantia
1167 1091 1303 1122 contra

181 1137 324 1183 Litora,
359 1140 467 1187 quod
499 1139 658 1177 tumidis
692 1138 947 1177 submersum‘
968 1138 1144 1176 tunditur
1173 1137 1266 1176 olim
1424 1149 1494 1186 125

181 1191 392 1237 Fluctibus,
424 1191 574 1230 hiberni
607 1193 785 1230 condunt
817 1192 885 1230 ubi
915 1191 1041 1230 sidera
1071 1190 1187 1238 Cori3

179 1244 408 1293 Tranquillo
441 1244 537 1290 silet,
573 1245 815 1294 immotaque
847 1245 1035 1283 attollitur
1066 1245 1173 1282 unda

181 1298 365 1347 Campus,
401 1305 439 1336 et
468 1298 606 1347 apricis
637 1298 752 1336 statio
784 1297 999 1347 gratissima
1031 1297 1178 1347 mergis.

182 1349 261 1388 Hic
292 1350 454 1389 viridem
487 1353 643 1390 Aeneas
672 1351 871 1390 frondenti
903 1364 950 1389 ex
984 1350 1070 1389 ilice
1089 1357 1246 1388 rmetam

180 1403 394 1441 Constituit
425 1403 576 1453 signum
609 1404 735 1442 nautis
766 1411 887 1454 pater,
922 1405 1026 1442 unde
1060 1403 1197 1442 reverti
1422 1417 1495 1452 ¹30

178 1456 328 1495 Scirent
359 1464 397 1496 et
430 1458 567 1507 longos
599 1457 665 1496 ubi
695 1457 997 1496 circumflectere
1031 1469 1174 1494 cursus.

178 1511 280 1547 Turn
313 1511 400 1548 loca
433 1518 534 1549 sorte
567 1512 712 1560 legunt,
746 1510 899 1560 ipsique
931 1510 970 1547 in
1004 1510 1202 1559 puppibus
1236 1523 1330 1548 auro

181 1563 374 1601 Ductores
408 1565 523 1613 longe
557 1565 741 1613 effulgent
771 1570 953 1613 ostroque
985 1563 1141 1611 decori3

179 1617 320 1655 Cetera
352 1618 523 1666 populea
555 1618 702 1655 velatur
733 1617 871 1656 fronde
905 1616 1096 1662 iuventus,

179 1670 436 1719 Nudatosque
467 1670 648 1709 humeros
682 1671 770 1709 oleo
804 1671 960 1720 perfusa
989 1669 1153 1708 nitescit.
1421 1681 1490 1719 135

175 1722 397 1761 Considunt
431 1723 615 1769 transtris,
650 1723 878 1772 intentaque
913 1722 1093 1761 bracchia
1123 1723 1265 1761 remis:

178 1776 324 1813 Intenti
360 1784 585 1825 exspectant
618 1777 783 1826 signum,
816 1775 1127 1824 exsultantiaque
1160 1775 1285 1814 haurit

177 1829 309 1867 Corda
340 1842 460 1878 pavor
489 1831 647 1879 pulsans
677 1831 914 1879 laudumque
947 1836 1094 1867 arrecta
1125 1828 1281 1878 cupido.

178 1882 277 1919 Inde
310 1882 376 1920 ubi
409 1884 512 1920 clara
543 1883 652 1921 dedit
684 1883 852 1922 sonitum
888 1884 991 1928 tuba,
1027 1881 1168 1920 finibus
1201 1895 1349 1927 omnes,

177 1935 299 1973 Haud
333 1948 451 1981 mora,
484 1936 694 1985 prosiluere
728 1936 829 1974 suis:
866 1935 951 1974 ferit
980 1936 1137 1973 aethera
1169 1936 1316 1973 clamor
1419 1947 1492 1981 140

177 1987 392 2035 Nauticus,
430 1989 609 2027 adductis
635 1996 819 2038 spumant
848 1990 945 2027 freta
974 2001 1084 2026 versa
1116 1987 1276 2027 lacertis.

177 2041 378 2079 Infindunt
411 2041 553 2091 pariter
583 2043 723 2087 sulcos,
758 2049 963 2090 totumque
997 2040 1162 2079 dehiscit

176 2095 415 2132 Convolsum
450 2095 564 2133 remis
596 2095 805 2144 rostrisque
836 2094 1067 2133 tridentibus
1087 2107 1240 2143 aequor.

178 2148 269 2185 Non
303 2154 381 2184 tam
415 2147 648 2197 praecipites
682 2149 813 2198 biiugo
847 2148 1058 2186 certamine
1092 2159 1277 2196 campum

173 2198 405 2249 Corripuere
440 2207 630 2250 ruuntque
664 2201 774 2239 effusi
805 2214 956 2238 carcere
987 2213 1142 2248 currus,
1415 2212 1486 2251 145

174 2253 260 2292 Nec
292 2253 348 2291 sic
376 2253 558 2292 immissis
592 2254 744 2304 aurigae
775 2254 963 2292 undantia
995 2254 1077 2292 lora
