1661 2519
230 127 278 160 42
562 112 610 149 P.
661 112 914 150 VERGILI
941 112 1221 151 MARONJS

231 200 395 244 Nesaee,
424 196 606 247 Spioque,
636 196 853 246 Thaliaque
882 180 1250 247 Cymodoceque&

284 251 360 289 His
388 249 507 300 patris
535 252 695 288 Aeneae
724 262 952 299 suspensam
982 251 1129 289 blanda
1156 250 1326 290 vicissim

229 304 385 342 Gaudia
412 309 675 352 pertemptant
704 310 904 350 mentem3
941 302 1050 341 iubet
1078 303 1187 343 ocius
1215 317 1354 344 omnes

230 356 366 395 Attolli
400 357 534 402 malos,
568 355 720 394 intendi
750 355 932 394 bracchia
958 355 1064 394 velis.

234 411 321 448 Una
349 421 486 448 omnes
514 409 639 447 fecere
667 409 823 458 pedem,
853 408 1074 458 pariterque
1105 409 1289 456 sinistros,

228 464 345 501 Nunc
374 463 530 500 dextros
559 462 708 500 solvere
737 460 844 500 sinus
858 476 869 510 ;
897 475 975 499 una
1003 463 1123 500 ardua
1150 469 1332 512 torquent

229 516 387 554 Cornua
413 515 748 563 detorquentque:
781 515 907 553 ferunt
936 527 1006 553 sua
1033 515 1190 553 flamina
1217 517 1391 555 classem.

210 571 215 596 ἵ
229 567 412 618 Princeps
439 574 530 606 ante
559 580 695 605 omnes
724 568 889 606 densum
919 567 1121 606 Palinurus
1149 570 1290 619 agebat

227 623 403 671 Agmen:
440 621 492 658 ad
520 621 624 658 hunc
652 620 714 658 alii
744 633 898 659 cursum
927 621 1164 660 contendere
1193 621 1295 660 iussi.

227 675 393 724 Iamque
423 674 502 712 fere
531 672 701 712 mediam
731 673 828 712 caeli
860 686 938 712 nox
965 673 1127 712 humida
1155 682 1300 713 metam

227 727 475 777 Contigerat:
513 725 669 776 placida
701 727 884 765 laxabant
917 728 1091 765 membra
1121 727 1252 776 quiete

226 781 306 818 Sub
335 779 450 818 remis
479 779 552 817 fusi
581 792 650 829 per
679 779 775 817 dura
803 779 939 818 sedilia
968 787 1127 826 nautae;

226 834 328 873 Cum
356 832 451 871 levis
479 832 660 871 aetheriis
689 833 872 883 delapsus
902 834 1070 871 Somnus
1099 835 1148 872 ab
1177 833 1286 872 astris

225 888 327 925 Aera
355 885 518 924 dimovit
546 887 797 924 tenebrosum
826 892 865 924 et
893 885 1054 936 dispulit
1082 887 1250 933 umbras,

224 941 294 985 Te,
327 939 517 985 Palinure,
547 945 698 988 petens,
729 938 798 977 tibi
827 938 978 978 somnia
1004 938 1127 978 tristia
1154 947 1314 989 portans

225 992 401 1031 Insonti:
431 992 634 1042 puppique
662 993 759 1031 deus
787 992 967 1030 consedit
994 991 1034 1030 in
1063 993 1152 1038 alta,

226 1044 438 1084 Phorbanti
471 1045 616 1092 similis,
651 1045 858 1104 funditque
885 1045 956 1084 has
984 1057 1049 1084 ore
1078 1046 1277 1095 loquelas:

225 1098 380 1136 ‘Iaside
414 1098 605 1144 Palinure,
637 1099 763 1137 ferunt
797 1098 882 1147 ipsa
911 1111 1080 1147 aequora
1113 1100 1304 1147 classem,

226 1154 450 1203 ‘Aequatae
479 1152 626 1201 spirant
654 1164 797 1199 aurae3
826 1152 939 1189 datur
966 1152 1062 1190 hora
1089 1152 1233 1201 quieti:

226 1207 356 1243 ‘Pone
385 1211 515 1254 caput,
545 1205 746 1253 fessosque
774 1205 910 1242 oculos
937 1205 1063 1243 furare
1091 1204 1260 1255 labQi

227 1260 341 1308 ‘Ipse
369 1270 442 1308 ego
471 1257 666 1307 paulisper
695 1270 765 1306 pro
793 1264 832 1295 te
860 1264 928 1295 tua
956 1271 1118 1296 munera
1144 1257 1277 1296 inibo!

224 1311 297 1350 Cui
327 1311 390 1349 vix
418 1312 600 1349 attollens
630 1311 833 1348 Palinurus
861 1310 1009 1348 lumina
1037 1311 1158 1350 fatur:

224 1368 233 1385 ‘
250 1367 371 1402 Mene
400 1363 488 1402 salis
516 1363 660 1413 placidi
686 1364 835 1402 voltum
865 1364 1083 1412 fluctusque
1112 1363 1264 1413 quietos

224 1419 432 1467 ‘Ignorare
466 1416 606 1455 iubes?
638 1429 754 1454 mene
781 1415 872 1454 huic
904 1417 1102 1455 confidere
1135 1419 1339 1456 monstro?

224 1473 409 1509 ‘Aenean
439 1470 595 1508 credam
629 1469 725 1518 quid
758 1482 861 1524 Q
895 1469 1096 1507 fallacibus
1127 1470 1228 1508 auris
1275 1494 1286 1499 -
1308 1467 1416 1505 ’ἐ-.·’

225 1525 300 1561 ‘Et
333 1523 431 1561 caeli
454 1522 597 1561 totiens
626 1523 812 1572 deceptus
842 1523 977 1560 fraude
1009 1523 1174 1560 sereni?'

222 1576 335 1614 Talia
366 1576 471 1615 dicta
500 1577 627 1622 dabat,
658 1577 889 1624 clavomque
918 1576 1068 1613 adfixus
1099 1582 1136 1613 et
1164 1576 1328 1614 haerens

223 1631 428 1679 Nusgpiam
458 1629 672 1675 amittebat,
707 1629 919 1677 oculosque
948 1629 1021 1666 sub
1050 1635 1152 1667 astra
1180 1630 1348 1667 tenebat.

222 1684 325 1721 Ecce
355 1683 404 1721 de
593 1695 631 1720 m
661 1658 836 1720 'Lethaeo
866 1694 950 1719 rore
979 1682 1204 1720 madentem

220 1735 350 1785 Vique
378 1695 617 1826 W
631 1734 762 1784 Stygia
790 1747 903 1783 super
931 1741 1093 1784 utraque
1118 1742 1275 1783 quassat

222 1791 482 1838 Tempora3'c
541 1787 739 1836 etantique
768 1786 943 1825 natantia
971 1787 1120 1825 lumina
1149 1787 1272 1825 solvit.

221 1842 297 1879 Vix
326 1841 472 1891 primos
501 1841 663 1890 inopina
691 1839 800 1889 quies
829 1842 1023 1878 laxaverat
1053 1847 1180 1878 artus:

222 1897 272 1933 Et
300 1908 416 1944 super
444 1894 673 1931 incumbens
702 1906 790 1931 cum
820 1893 964 1943 puppis
993 1900 1101 1942 parte
1129 1893 1278 1932 revolsa

221 1950 401 1997 Cumque
433 1948 670 1996 gubernaclo
703 1945 870 1995 liquidas
899 1945 1061 1995 proiecit
1090 1945 1129 1984 in
1159 1947 1284 1984 undas

220 2000 488 2050 Praecipitem,
523 2013 568 2038 ac
598 1999 724 2038 socios
752 1998 991 2047 nequiquam
1020 2011 1138 2048 saepe
1165 2006 1395 2037 vocantem:

222 2056 311 2103 Ipse
344 2054 477 2091 volans
506 2060 643 2090 tenues
672 2065 713 2090 se
742 2052 895 2090 sustulit
923 2053 1003 2095 ales
1032 2052 1081 2089 ad
1110 2065 1230 2090 auras.

219 2106 347 2147 Currit
373 2106 445 2144 iter
471 2112 598 2143 tutum
627 2117 707 2143 non
735 2105 852 2143 setius
881 2117 1050 2163 aequore
1077 2104 1220 2151 classis,

221 2159 503 2208 Promissisque
536 2158 653 2207 patris
683 2157 858 2207 Neptuni
887 2145 1060 2196 interrita
1087 2158 1213 2196 fertur.

221 2215 384 2261 Iamque
414 2212 514 2250 adeo
543 2212 724 2260 scopulos
753 2210 930 2248 Sirenum
958 2212 1123 2249 advecta
1151 2211 1318 2256 subibat,

121 2276 177 2297 ν’*
223 2265 408 2305 Difficiles
427 2260 649 2312 quondam,
680 2265 970 2312 multorumque
999 2263 1150 2300 ossibus
1179 2264 1314 2324 albos;

318 2326 693 2365 L1-5‚,¹÷l11
730 2320 844 2355 ,-›‚.2‹;‘.
896 2320 935 2346 l·
984 2336 1075 2354 anfi-s*
1103 2327 1118 2338 χ

1468 412 1545 459 830

1464 2001 1540 2038 860

1461 2266 1580 2305 86.
