1661 2519
66 0 268 31 hamata
323 1 532 33 ‘nucha⁴
654 18 676 26 „
730 13 733 16 ⁴
796 2 894 27 tastu*
926 14 1023 29 [ΗΑ.
1070 0 1270 31 .Λ,’Δ,..;;ῐζω
1295 16 1306 21 ..
1433 45 1436 51 1

507 76 828 115 AENEJDOS
860 77 974 115 ΜΒ.
1023 57 1063 116 ν’.
1402 60 1449 127 29

126 135 136 157 ί

66 149 299 211 μἿΟΠΟΞίῑι
328 161 421 200 bina
449 161 554 200 dabo
582 162 710 200 levato
740 161 869 200 lucida
896 163 997 200 ferro

127 215 319 264 ‘Spicula,
351 216 619 264 caelatamque
648 222 809 264 argento
837 216 934 253 ferre
963 215 1200 265 bipennem:

128 267 346 307 ‘Omnibus
374 267 437 305 hic
466 267 535 306 erit
564 281 663 305 unus
692 269 828 307 honos.
887 270 984 307 Tres
1012 269 1184 318 praemia
1212 269 1325 319 primi

127 321 367 371 ‘Accipient,
397 322 574 370 flavaque
603 328 722 370 caput
750 328 955 360 nectentur
983 322 1107 360 oliva:

129 377 137 393 ‘
154 374 304 412 Primus
333 387 479 423 equum
509 374 677 424 phaleris
706 374 897 424 insignem
927 374 1049 413 victor
1077 375 1220 413 habeto
1235 390 1246 423 3
1372 389 1448 424 310

125 430 134 447 ‘
151 428 258 466 Alter
286 427 543 465 Amazoniam
572 428 791 477 pharetram
822 429 1059 477 plenamque
1088 428 1235 478 sagittis

126 480 350 527 ‘Threiciis‚
382 481 461 519 lato
491 493 610 530 quam
634 481 784 528 (circum
813 481 1062 530 amplectitur
1089 494 1183 520 auro

125 535 319 580 ‘Balteus,
351 541 389 572 et
419 533 528 572 tereti
557 521 754 585 suss‘n‘ectit
782 535 902 572 fibula
929 547 1107 583 gemma;

125 589 134 607 ‘
151 587 304 625 Tertius
333 587 515 636 Argolica
543 588 616 625 hac
644 588 755 637 galea
783 594 990 626 contentus
1019 588 1150 626 abito.'

124 641 239 678 Haec
266 639 334 679 ubi
363 641 477 687 dicta,
508 641 637 678 locum
666 639 834 690 capiunt,
867 640 1057 690 signoque
1086 648 1247 691 repente
1371 653 1445 691 315

124 693 349 743 Corripiunt
378 693 502 742 spatia
529 693 674 741 audito,
707 694 906 743 limenque
934 694 1170 744 relinquunt,

123 748 247 785 Effusi
276 747 412 785 nimbo
441 746 585 785 similes
599 760 610 794 3
650 746 765 785 simul
792 747 929 785 ultima
956 747 1118 797 signant.

123 800 274 838 Primus
303 800 384 838 abit
413 801 607 849 longeque
634 807 726 838 ante
755 800 889 838 omnia
917 814 1080 850 corpora
1110 801 1229 840 Nisus

123 853 287 900 Emicat,
320 861 357 892 et
385 854 510 891 ventis
541 861 578 891 et
606 853 776 891 fulminis
805 853 913 892 ocior
941 855 1022 893 alis.

123 906 325 944 Proximus
352 906 453 952 huic,
484 908 602 956 longo
631 908 700 945 sed
729 907 926 956 proximus
955 907 1167 954 intervallo,
1371 922 1447 957 320

123 959 347 1009 Insequitur
375 959 526 1009 Salius3
569 959 698 1010 spatio
726 968 816 1010 post
844 961 988 999 deinde
1016 961 1151 999 relicto

121 1013 275 1051 Tertius
306 1014 519 1063 Euryalus:

122 1068 409 1116 Euryalumque
440 1068 635 1116 Helymus
664 1066 837 1116 sequitur
852 1081 862 1115 3
902 1080 982 1116 quo
1011 1067 1155 1106 deinde
1185 1069 1255 1106 sub
1286 1067 1374 1118 ipso

122 1121 226 1158 Ecce
254 1121 368 1166 volat,
400 1121 626 1169 calcemque
654 1120 741 1159 terit
768 1120 845 1158 iam
875 1122 982 1159 calce
1013 1121 1164 1167 Diores,

122 1173 362 1211 Incumbens
390 1174 555 1212 humero
571 1188 581 1221 ;
613 1173 737 1223 spatia
765 1182 803 1212 et
832 1173 863 1212 si
892 1175 1002 1224 plura
1031 1174 1236 1224 supersint,
1368 1188 1414 1223 32
1423 1186 1442 1224 5

119 1228 312 1265 Transeat
341 1227 496 1276 elapsus
525 1227 638 1277 prior,
668 1227 945 1276 ambiguumve
973 1228 1175 1277 relinquat.

122 1281 288 1330 Iamque
315 1281 394 1319 fere
423 1280 549 1329 spatio
577 1288 750 1319 extremo
779 1280 948 1329 fessique
977 1282 1048 1320 sub
1078 1282 1204 1331 ipsam

121 1333 258 1372 Finem
287 1334 564 1380 adventabant,
595 1334 669 1372 levi
698 1347 787 1372 cum
817 1334 1003 1384 sanguine
1032 1335 1150 1373 Nisus

7 1427 11 1436 2
121 1387 282 1426 Labitur
309 1387 454 1434 infelix,
484 1386 606 1425 caesis
634 1394 677 1425 ut
704 1388 803 1426 forte
831 1387 1004 1426 iuvencis

0 1436 25 1446 *¹
59 1434 83 1443 '⁹
121 1442 247 1478 Fusus
275 1441 438 1478 humum
466 1440 685 1490 viridesque
714 1454 830 1490 super
858 1442 1119 1480 madefecerat
1147 1442 1297 1481 herbas,
1367 1456 1444 1491 330

121 1494 203 1531 Hic
230 1493 381 1532 iuvenis
409 1493 487 1539 iam
515 1493 639 1543 victor
667 1507 788 1532 ovans
817 1494 978 1544 vestigia
1005 1508 1141 1545 presso

122 1548 244 1585 Haud
272 1546 395 1585 tenuit
413 1546 587 1597 vtitubata
615 1549 699 1586 solo
713 1561 723 1594 3
765 1548 834 1586 sed
863 1561 1008 1597 pronus
1037 1548 1076 1586 in
1106 1549 1191 1598 ipso

119 1600 307 1640 Concidit
334 1597 606 1649 inmun-doque
633 1602 728 1639 fimo
757 1614 945 1650 sacroque
975 1615 1121 1640 cruore.

120 1655 214 1692 Non
241 1661 373 1692 tamen
404 1642 572 1703 fflr‘yali,
600 1667 681 1692 non
709 1654 773 1693 ille
802 1654 947 1692 oblitus
974 1668 1177 1695 amorum:

121 1709 225 1746 Nam
255 1720 340 1745 sese
368 1707 554 1760 opposuit
583 1707 685 1745 Salio
714 1721 783 1757 per
810 1708 959 1746 lubrica
986 1721 1169 1758 surgens3
1240 1722 1258 1735 ··
1367 1721 1441 1759 335

120 1761 193 1798 Ille
222 1768 354 1798 autem
383 1760 507 1809 spissa
533 1760 650 1799 iacuit
678 1762 875 1799 revolutus
903 1775 1031 1800 arena.

121 1813 274 1852 Emicat
302 1814 505 1863 Euryalus,
535 1821 575 1852 et
602 1827 764 1852 munere
792 1814 915 1852 victor
942 1814 1057 1852 amici

121 1867 251 1905 Prima
279 1874 397 1914 tenet,
427 1868 644 1916 plausuque
672 1869 777 1905 volat
805 1867 1038 1917 fremituque
1068 1869 1253 1907 secundo.

121 1923 215 1959 Post
244 1921 439 1970 Helymus
468 1920 582 1966 subit,
613 1927 651 1958 et
680 1934 785 1958 nunc
815 1921 925 1960 tertia
952 1923 1083 1970 palma
1113 1921 1264 1960 Diores.

121 1973 202 2012 Hic
231 1980 357 2011 totum
387 1986 528 2011 caveae
557 1986 785 2012 consessum
815 1974 982 2024 ingentis
1011 1982 1050 2013 et
1079 1988 1147 2013 ora
1367 1990 1444 2025 340

121 2027 251 2065 Prima
279 2034 434 2076 patrum
463 2026 614 2076 magnis
643 2027 768 2065 Salius
797 2028 1033 2066 clamoribus
1062 2028 1212 2080 implet,

120 2082 391 2129 Ereptumque
420 2080 514 2118 dolo
541 2080 654 2118 reddi
682 2080 756 2119 sibi
784 2081 912 2130 poscit
939 2082 1142 2120 honorem.

119 2135 285 2171 Tutatur
311 2134 420 2171 favor
446 2134 669 2182 Euryalum,
698 2133 959 2183 lacrimaeque
987 2135 1165 2182 decorae,

121 2186 277 2224 Gratior
305 2193 343 2224 et
371 2187 536 2236 pulchro
564 2186 726 2225 veniens
755 2186 792 2224 in
823 2200 985 2237 corpore
1013 2187 1143 2226 virtus.

120 2239 291 2279 Adiuvat
321 2247 359 2279 et
388 2252 528 2289 magna
557 2241 774 2289 proclamat
802 2253 899 2279 voce
931 2241 1080 2288 Diores,
1365 2254 1439 2291 345
