1661 2519
576 91 895 129 AENEIDOS
928 92 1040 128 LJB.
1092 92 1131 128 V.
1465 106 1512 141 23

195 173 374 223 ‘Quique
402 174 547 223 pedum
577 187 689 213 cursu
717 176 830 222 valet,
862 182 901 213 et
929 175 996 225 qui
1024 175 1168 214 viribus
1197 176 1324 214 audax
1366 202 1374 207 2

196 230 299 266 ‘Aut
327 227 454 265 iaculo
482 227 631 266 incedit
661 228 796 266 melior
824 228 1054 278 levibusque
1082 229 1240 278 sagittis,

195 282 292 319 ‘Seu
321 281 442 318 crudo
472 280 557 319 fidit
584 293 755 330 pugnam
785 282 1029 320 committere
1057 290 1201 329 caestu,

196 333 360 373 ‘Cuncti
389 333 528 381 adsint,
559 335 798 384 meritaeque
819 342 1046 385 exspectent
1065 335 1239 385 praemia
1266 337 1430 385 palmae.
1465 347 1513 384 70

195 388 297 426 ‘Ore
325 388 452 426 favete
480 400 629 434 omnes,
661 396 700 426 et
728 387 871 438 cingite
899 396 1078 438 tempora
1105 388 1246 427 ramis.’

246 440 309 479 Sic
335 441 437 479 fatus
465 441 568 479 velat
596 448 773 480 materna
800 449 878 480 tem
910 455 933 480 o
954 455 977 479 a
1047 449 1141 492 yrto.

195 495 288 532 Hoc
319 495 513 544 Helymus
541 493 644 541 facit,
674 495 750 533 hoc
769 482 865 543 Ῠεῖἓέι
936 499 1067 533 aturus
1095 497 1272 542 Acestes,

195 549 288 585 Hoc
316 560 413 597 puer
440 547 644 594 Ascanius,
676 548 850 597 sequitur
878 561 976 597 quos
1006 555 1135 587 cetera
1163 550 1298 598 pubes.

194 601 266 639 Ille
294 614 316 639 e
344 601 512 639 concilio
542 600 673 639 multis
701 614 791 640 curn
820 601 977 639 milibus
1006 601 1087 640 ibat
1450 615 1484 650 ¹7
1492 614 1510 651 5
1578 628 1582 632 -

193 655 257 692 Ad
286 655 489 700 tumulum,
520 667 581 691 ma
612 668 662 692 na
690 655 843 693 medius
872 654 1086 693 comitante
1115 662 1280 694 caterva.
1518 670 1525 675 “
1550 662 1552 666 ’

196 706 274 744 Hic
303 708 383 745 duo
411 708 481 745 rite
511 720 604 764 mg
646 708 774 746 libans
803 707 1000 746 carchesia
1028 709 1184 761 Bffiho

194 761 339 798 Fundit
367 760 486 804 humi,
517 762 597 799 diio
625 762 727 800 lacte
755 774 871 808 novo,
903 762 982 800 duo
1012 761 1201 811 sanguine
1230 774 1352 808 sacro,

196 816 494 863 Purpureosque
523 814 613 852 iacit
642 816 767 861 flores,
798 828 844 853 ac
873 815 964 853 talia
991 816 1114 853 fatur:

194 869 339 914 ‘Salve‚
370 875 505 906 sancte
534 881 685 917 parens,
716 868 853 907 iterum
868 882 878 916 ;
916 870 1072 915 salvete,
1102 869 1249 918 recepti
1466 870 1516 905 80

196 920 470 970 ‘Nequiquam
500 921 659 967 cineres,
691 921 924 970 animaeque
952 923 1193 971 umbraeque
1221 928 1415 971 paternae.

196 976 314 1013 ‘Non
342 974 450 1013 licuit
479 976 576 1013 fines
606 976 728 1013 Italos
756 975 966 1024 fataliaque
995 988 1095 1023 arva,
1459 978 1461 981 ’

196 1031 205 1049 ‘
218 1029 256 1065 N
259 1040 305 1066 ec
324 1035 453 1066 tecum
472 1027 710 1079 Ausonium,
725 1028 963 1077 quicumque
984 1036 1054 1075 est,
1075 1040 1258 1077 quaerere
1279 1027 1493 1078 Thybrim.'

196 1081 357 1119 Dixerat
385 1082 494 1128 haec,
526 1069 771 1131 adYtls*‘<':'u1n
799 1082 970 1120 lubricus
999 1081 1134 1131 anguis
1163 1083 1213 1119 ab
1243 1081 1329 1119 imis

194 1136 351 1184 Septem
381 1134 517 1185 ingens
546 1131 670 1184 ffifr'os,
703 1143 867 1184 septena
893 1135 1094 1173 volumina
1123 1135 1248 1181 traxit,
1469 1136 1514 1183 85

194 1190 410 1238 Amplexus
439 1188 592 1238 placide
621 1190 823 1242 tumulum,
854 1190 1064 1238 lapsusque
1092 1201 1162 1237 per
1189 1201 1274 1226 aras
1288 1203 1298 1235 ;

197 1243 410 1281 Caeruleae
439 1242 502 1280 cui
532 1250 639 1291 terga
667 1235 796 1289 notae,
828 1244 1050 1280 maculosus
1080 1249 1117 1280 et
1147 1255 1240 1280 auro

194 1297 406 1345 Squamam
436 1295 673 1345 incendebat
702 1297 837 1345 fulgor,
868 1309 940 1334 ceu
969 1295 1137 1334 nubibus
1165 1308 1276 1333 arcus

196 1349 308 1387 Mille
335 1349 426 1387 iacit
453 1348 579 1387 varios
608 1350 772 1388 adverso
802 1350 885 1387 sole
913 1351 1075 1387 colores.

195 1402 396 1456 Obstipuit
423 1402 507 1440 visu
535 1405 714 1441 Aeneas:
752 1402 816 1441 ille
844 1403 998 1452 agmine
1025 1403 1145 1452 longo
1471 1415 1519 1451 90

194 1457 375 1494 Tandem
404 1456 504 1494 inter
531 1463 682 1506 pateras
712 1463 750 1494 et
778 1456 878 1494 levia
906 1457 1051 1506 poeula
1079 1468 1237 1505 serpens

195 1509 427 1559 Libavitque
455 1510 589 1559 dapes,
619 1522 826 1559 rursusque
854 1509 1036 1548 innoxius
1064 1509 1144 1547 imo

194 1563 388 1602 Successit
416 1564 578 1610 tumulo,
609 1571 647 1602 et
677 1564 840 1613 depasta
868 1562 1002 1601 altaria
1030 1562 1151 1612 liquit.

197 1618 289 1655 Hoc
318 1616 440 1666 magis
468 1616 647 1666 inceptos
677 1616 842 1666 genitori
870 1616 1058 1654 instaurat
1086 1617 1267 1663 honores,

196 1671 385 1717 Incertus,
416 1670 638 1709 Geniumne
667 1670 744 1708 loci
772 1671 1014 1708 famulumne
1043 1669 1213 1719 parentis
1469 1681 1515 1718 95

196 1726 293 1763 Esse
321 1731 457 1773 putet:
495 1724 624 1762 caedit
653 1724 765 1761 binas
795 1724 843 1761 de
873 1736 980 1762 more
1009 1723 1201 1768 bidentes,

194 1779 352 1827 Totque
381 1790 483 1824 sues,
513 1777 678 1816 totidem
708 1777 904 1827 nigrantes
934 1784 1042 1826 terga
1070 1776 1281 1823 iuvencos3

196 1831 378 1880 Vinaque
406 1831 596 1869 fundebat
623 1830 780 1880 pateris,
810 1830 1060 1879 animamque
1088 1830 1255 1867 vocabat

194 1885 390 1923 Anchisae
420 1884 551 1934 magni
580 1897 795 1933 manesque
824 1885 1050 1922 Acheronte
1079 1882 1272 1921 remissos.
1307 1898 1313 1923 ι

196 1940 282 1977 Nec
309 1951 391 1976 non
421 1944 459 1976 et
488 1937 595 1983 socii,
625 1950 727 1987 quae
756 1937 896 1986 cuique
925 1944 984 1975 est
1012 1937 1139 1986 copia,
1170 1935 1261 1974 laeti
1449 1949 1521 1973 100

196 1993 314 2029 Dona
341 1992 479 2038 ferunt,
510 1997 675 2029 onerant
702 2004 798 2036 aras,
830 1997 1080 2040 mactantque
1110 1989 1320 2028 iuvencos:

196 2045 344 2084 Ordine
373 2057 472 2082 aena
499 2045 631 2082 locant
659 2043 735 2090 alii,
763 2043 915 2093 fusique
943 2056 1012 2093 per
1039 2043 1200 2082 herbam

195 2097 399 2137 Subiciunt
426 2097 580 2136 veribus
608 2110 763 2147 prunas,
794 2104 833 2136 et
860 2097 1007 2136 viscera
1035 2103 1192 2135 torrent.
1217 2101 1247 2132 '1

248 2153 488 2201 Exspectata
516 2150 599 2189 dies
627 2152 772 2196 aderat,
802 2163 1030 2200 nonamque
1059 2163 1196 2194 setena

195 2207 386 2244 Auroram
418 2204 673 2242 Phaethontis
702 2203 794 2253 equi
822 2204 899 2242 iam
929 2205 1015 2251 luce
1043 2204 1252 2249 vehebant,
1450 2215 1518 2251 105

197 2261 398 2308 Famaque
426 2258 612 2296 finitimos
641 2264 680 2296 et
708 2257 800 2295 clari
829 2270 975 2295 nomen
1007 2259 1173 2295 Acestae
