1661 2519
222 98 269 133 28
551 99 598 134 P.
649 98 901 137 VERGILI
929 99 1208 137 MARONJS

220 176 353 220 Tertia
383 179 491 220 dona‘
522 173 614 220 facit
645 183 823 232 geminos
858 197 905 222 ex
935 197 1021 222 aere
1056 185 1214 231 lebetas,

119 243 193 290 v2¹⁴³
222 235 466 285 Cymbiaque
499 242 659 285 argento
694 238 864 286 perfecta
895 245 1012 286 atque
1045 250 1181 295 aspera
1213 238 1341 288 signis.

118 291 166 321 ἰ·
198 289 388 348 Ἰεζηᾞυε
419 288 1113 349 adengnati‘omnes-Qibusque
1144 291 1300 340 superbi

83 353 86 364 ·
110 362 117 372 ι
149 362 170 372 11
196 339 405 380 “Punicei's
424 338 548 380 *ibant
579 342 730 380 evincti
754 350 931 392 tempora
961 344 1112 382 tesenis:

223 398 324 434 Cum
358 408 474 433 saevo
508 408 529 433 e
562 397 727 444 scopulo
759 397 881 434 multa
910 396 973 434 vix
1003 404 1083 435 arte
1113 398 1296 444 revolsus,
1465 409 1539 446 270

223 449 385 487 Amissis
417 448 544 494 remis,
576 456 692 498 atque
726 449 862 488 ordine
897 449 1036 488 debilis
1066 463 1157 496 uno,

224 502 386 540 Inrisam
418 502 500 540 sine
531 503 679 540 honore
712 510 833 540 ratem
867 503 1065 552 Sergestus
1098 503 1247 552 agebat.

223 555 359 603 Qualis
391 568 508 605 saepe
541 555 625 593 viae
659 556 873 605 deprensus
906 556 946 593 in
980 568 1118 605 aggere
1152 569 1323 606 serpens,

222 611 346 647 Aerea
380 621 496 658 quem
512 608 846 668 ffibliquumsrota
879 609 1038 656 transiit,
1073 618 1138 647 aut
1171 609 1294 658 gravis
1329 609 1405 647 ictu

221 662 464 700 Scminecem
495 661 608 711 liquit
640 674 732 700 saxo
761 663 1010 710 lacerumque
1039 662 1186 709 viator5
1209 670 1273 715 χχχ
1467 674 1536 712 275

223 715 472 765 Nequiquam
502 716 639 765 longos
669 715 819 764 fugiens
853 717 920 754 dat
953 729 1115 765 corpore
1148 723 1282 763 tortus,

224 771 336 807 Parte
363 770 481 815 ferox,
512 770 728 816 ardensque
758 768 893 816 oculis,
923 776 961 807 et
990 769 1102 807 sibila
1130 770 1232 807 colla

223 823 378 860 Arduus
406 823 588 860 attollens
602 836 612 870 5
635 833 726 870 pars
750 823 908 860 volnere
937 823 1076 860 clauda
1104 829 1269 861 retentat

223 876 433 914 Nixantem
462 874 576 913 nodis
605 888 724 924 seque
753 875 792 912 in
821 888 890 913 sua
919 876 1094 914 membra
1121 875 1342 925 plicantem.

222 929 310 967 Tali
337 928 498 979 remigio
527 928 635 967 navis
665 941 705 966 se
735 929 843 966 tarda
871 930 1080 976 movebat;
1114 964 1117 976 ἶ
1178 952 1182 956 -
1466 930 1540 965 280

225 983 321 1021 Vela
347 982 439 1020 facit
467 990 610 1028 tamen,
641 990 679 1020 et
707 982 800 1020 velis
830 982 932 1020 subit
961 982 1060 1020 ostia
1088 981 1224 1032 plenis.

222 1037 441 1085 Sergestum
471 1037 625 1073 Aeneas
654 1035 845 1085 promisso
873 1049 1032 1074 munere
1061 1037 1193 1082 donat,

223 1092 421 1128 Servatam
452 1090 504 1127 ob
534 1102 671 1127 navem
701 1090 824 1127 laetus
854 1089 1059 1138 sociosque
1088 1090 1279 1127 reductos.

223 1142 301 1182 Olli
329 1156 439 1181 serva
467 1144 590 1190 datur,
622 1155 782 1192 operum
812 1143 916 1180 haud
945 1143 1074 1192 ignara
1098 1142 1309 1188 Minervae,

223 1198 363 1235 Cressa
389 1209 524 1246 genus,
555 1196 715 1242 Pholoe,
745 1195 968 1245 geminique
997 1197 1069 1234 sub
1097 1196 1215 1234 ubere
1244 1194 1333 1233 nati.
1466 1196 1537 1244 285

277 1251 371 1288 Hoc
398 1250 486 1299 pius
514 1250 670 1287 Aeneas
699 1249 817 1287 misso
846 1249 1057 1287 certamine
1088 1248 1212 1286 tendit

222 1303 475 1342 Gramineum
504 1303 543 1340 in
573 1315 767 1352 campum,
798 1315 915 1352 quern
942 1302 1106 1341 collibus
1134 1301 1309 1351 undique
1337 1300 1461 1339 curvis

223 1357 443 1406 Cingebant
470 1357 613 1404 silvae3
653 1355 860 1405 mediaque
889 1356 927 1393 in
955 1357 1056 1394 valle
1085 1354 1224 1394 theatri

224 1410 358 1449 Circus
387 1417 477 1456 erat,
509 1423 587 1459 quo
617 1423 657 1448 se
686 1409 816 1447 multis
844 1423 934 1447 cum
963 1409 1133 1447 millibus
1161 1409 1275 1447 heros

223 1464 421 1503 Consessu
448 1463 622 1501 medium
651 1462 739 1501 tulit
765 1470 1038 1512 exstructoque
1067 1462 1218 1500 resedit.
1467 1474 1541 1511 290

225 1517 314 1564 Hic,
345 1516 411 1566 qui
439 1518 537 1555 forte
566 1516 685 1555 velint
712 1516 848 1565 rapido
877 1516 1114 1554 contendere
1143 1527 1266 1562 cursu,

224 1570 369 1608 Invitat
397 1569 527 1619 pretiis
555 1569 718 1617 animos,
749 1577 786 1607 et
816 1569 986 1618 praemia
1014 1568 1134 1618 ponit.

224 1623 413 1672 Undique
441 1623 678 1661 conveniunt
707 1622 851 1661 Teucri
879 1621 1064 1672 mixtique
1093 1621 1233 1669 Sicani,

227 1677 341 1716 Nisus
371 1684 408 1715 et
439 1678 626 1726 Euryalus
655 1675 790 1725 primi:
1488 1691 1561 1732 ’,μ

227 1731 412 1780 Euryalus
441 1731 564 1781 forffia
591 1729 751 1783 insignis
779 1729 968 1778 viridique
997 1728 1164 1775 iuventa,
1212 1752 1220 1756 2
1248 1726 1305 1761 2¹3
1376 1745 1407 1754 v·
1440 1720 1536 1778 ‘'fad-5
1568 1707 1593 1751 Ὗ

225 1783 342 1822 Nisus
371 1796 504 1822 amore
532 1778 736 1833 pio-pueri
752 1797 761 1830 3
804 1795 902 1832 quos
930 1781 1075 1820 deinde
1107 1789 1262 1820 secutus
1353 1785 1354 1788 ’

229 1837 370 1886 Regius
398 1837 549 1886 egregia
579 1835 718 1874 Priami
749 1836 798 1874 de
828 1835 945 1885 stirpe
975 1836 1114 1873 Diores
1131 1849 1140 1882 ;

228 1892 346 1928 Hunc
374 1890 499 1928 Salius
527 1889 641 1927 simul
670 1896 708 1927 et
738 1891 893 1935 Patron,
925 1901 1087 1938 quorum
1117 1889 1213 1926 alter
1239 1889 1434 1935 Acarnan,

226 1945 331 1982 Alter
358 1946 408 1981 ab
435 1943 605 1981 Arcadio
634 1944 837 1992 Tegeaeae
865 1941 1053 1991 sanguine
1080 1941 1206 1992 gentis
1221 1956 1232 1990 3

223 1999 324 2034 Tum
355 1997 434 2035 duo
463 1996 650 2034 Trinacrii
678 1995 846 2041 iuvenes,
879 1996 1072 2044 Helymus
1101 1996 1370 2044 Panopesque,
1465 2007 1541 2043 300

226 2049 388 2088 Adsueti
417 2048 530 2096 silvis,
562 2048 724 2087 comites
753 2048 913 2087 senioris
941 2050 1108 2086 Acestae
1123 2060 1134 2094 3

227 2102 342 2141 Multi
370 2110 581 2153 praeterea,
611 2115 709 2151 quos
737 2103 841 2139 fama
868 2103 1032 2139 obscura
1059 2100 1246 2139 recondit.

226 2159 376 2195 Aeneas
404 2156 544 2205 quibus
573 2155 612 2192 in
643 2155 780 2193 mediis
809 2154 865 2193 sic
893 2154 1037 2192 deinde
1065 2155 1240 2192 locutus:

226 2209 425 2259 ‘Accipite
454 2210 550 2246 haec
578 2208 728 2254 animis,
758 2209 957 2257 laetasque
985 2207 1173 2246 advertite
1201 2213 1362 2245 mentes.

226 2269 234 2284 ⁸
251 2264 382 2302 Nemo
410 2275 457 2300 ex
487 2262 561 2300 hoc
590 2273 751 2300 numero
780 2260 875 2299 mihi
903 2274 984 2299 non
1014 2262 1182 2299 donatus
1209 2259 1344 2298 abibit.
1464 2270 1538 2309 305
