1661 2519
174 105 224 140 34
507 90 554 127 P.
608 89 860 127 VERGILI
890 88 1173 125 MARONIS

175 177 279 221 Ales,
311 183 348 214 et
378 173 524 224 ingenti
553 181 766 212 sonuerunt
795 173 928 212 omnia
955 174 1104 222 plausu.

177 231 270 267 Post
298 241 386 266 acer
414 227 645 266 Mnestheus
673 227 844 265 adducto
873 225 1046 264 constitit
1073 238 1175 273 arcu,

177 283 268 320 Alta
296 288 446 330 petens,
476 279 697 330 pariterque
726 280 862 318 oculos
891 280 1091 328 telumque
1119 277 1309 317 tetendit:

179 337 249 373 Ast
277 334 401 383 ipsam
429 333 673 371 miserandus
703 345 815 371 avem
844 331 1068 381 contingere
1096 332 1196 370 ferro

179 389 271 425 Non
299 386 419 425 valuit
432 400 443 434 3
479 387 606 424 nodos
635 393 673 424 et
700 385 854 423 vincula
880 385 984 423 linea
1011 384 1124 434 rupit,

180 440 277 489 Quis
305 439 446 478 innexa
473 440 618 488 pedem
647 439 751 477 malo
779 439 978 488 pendebat
1006 438 1055 476 ab
1084 438 1187 476 alto:

182 494 253 531 Illa
281 500 396 530 notos
424 499 542 541 atque
570 499 650 529 atra
678 492 812 529 volans
841 491 880 528 in
909 489 1042 528 nubila
1071 490 1175 540 fugit.

179 548 282 583 Tum
310 545 479 595 rapidus,
510 544 740 582 iamdudum
770 557 861 582 arcu
889 551 1074 582 contenta
1101 550 1236 593 parato

180 600 278 637 Tela
306 606 455 646 tenens,
485 598 640 636 fratrem
669 597 860 647 Eurytion
888 596 929 634 in
958 604 1049 635 vota
1077 596 1240 643 vocavit,

183 654 268 690 Iam
297 664 420 689 vacuo
449 652 590 689 laetam
619 651 729 689 caelo
758 650 990 700 speculatus,
1021 656 1058 687 et
1087 649 1157 687 alis

183 705 440 743 Plaudentem
468 703 575 753 nigra
603 703 684 752 figit
713 703 784 741 sub
812 704 919 741 nube
947 703 1181 740 columbam.

184 757 342 796 Decidit
370 756 568 803 exanimis,
598 756 796 805 vitamque
824 755 977 805 reliquit
1004 754 1044 793 in
1073 755 1182 793 astris

182 810 387 857 Aetheriis‚
417 811 610 858 fixamque
638 810 751 847 refert
780 809 941 858 delapsa
969 807 1160 857 sagittam.

183 863 339 902 Amissa
367 864 470 901 solus
499 863 630 912 palma
657 863 865 911 superabat
891 863 1076 900 Acestes:

180 916 263 971 Qui
292 924 424 955 tamen
453 916 574 954 aerias
603 915 724 954 telum
753 914 955 953 contendit
984 914 1024 952 in
1052 927 1176 961 auras,

69 960 149 1005 ῘΙΜ
185 971 398 1008 Ostentans
426 976 628 1018 artemque
656 976 766 1018 pater
793 980 1004 1017 arcumque
1033 945 1298 1006 sonantemss

17 1891 96 1936 (Ιῆ
135 1890 144 1902 ²

14 1938 96 1958 1¹:

187 1022 267 1060 Hic
297 1022 419 1061 oculis
449 1022 619 1061 subitum
649 1021 814 1060 obicitur
842 1033 1062 1071 magnoque
1091 1021 1263 1058 futurum

185 1075 359 1125 Augurio
388 1082 629 1114 monstrum:
669 1074 804 1113 docuit
831 1081 921 1123 post
949 1074 1076 1112 exitus
1104 1073 1252 1123 ingens,

186 1130 355 1178 Seraque
383 1127 536 1167 terrifici
563 1127 786 1166 cecinerunt
815 1127 947 1165 omina
974 1133 1092 1165 vates.

188 1183 370 1231 Namque
397 1183 533 1243 ‘'011³ssss
550 1180 717 1230 ‚liquidis
745 1180 785 1218 in
813 1180 982 1218 nubibus
1010 1179 1100 1217 arsit
1129 1179 1290 1225 arundo,

188 1235 437 1285 Signavitque
465 1230 569 1279 flam
597 1233 774 1280 flammis,
805 1240 1020 1282 tenuesque
1047 1232 1205 1270 recessit

188 1289 437 1338 Consumpta
464 1288 504 1325 in
533 1293 694 1326 ventos:
733 1287 844 1325 caelo
871 1299 943 1324 ceu
971 1298 1089 1335 saepe
1116 1286 1235 1324 refixa

188 1342 470 1379 Transcurrunt
501 1339 727 1388 crinemque
754 1339 926 1378 volantia
953 1338 1079 1377 sidera
1110 1338 1269 1376 ducunt.

189 1394 375 1432 Attonitis
404 1395 563 1432 haesere
590 1392 730 1431 animis
759 1404 999 1443 superosque
1026 1391 1172 1441 precati

187 1447 376 1485 Trinacrii
403 1446 626 1496 Teucrique
652 1445 747 1484 viri:
785 1458 858 1484 nec
886 1444 1077 1483 maximus
1105 1457 1223 1483 omen

188 1500 340 1538 Abnuit
368 1502 522 1551 Aeneas
527 1513 559 1554 js
573 1500 653 1551 Qsed
681 1500 827 1537 laetum
856 1499 1058 1548 amplexus
1085 1499 1257 1536 Acesten

190 1553 421 1591 Muneribus
449 1550 621 1590 cumulat
650 1552 812 1602 magnis,
842 1564 888 1590 ac
916 1550 1009 1590 talia
1036 1552 1160 1589 fatur:

191 1608 343 1653 ‘Sume,
373 1613 483 1655 pater
499 1619 509 1653 3
547 1618 639 1643 nam
667 1613 705 1644 te
734 1604 856 1643 voluit
884 1617 950 1643 rex
977 1616 1142 1654 magnus
1172 1602 1330 1653 Olympi

192 1659 375 1698 ‘Talibus
403 1658 586 1708 auspiciis
616 1665 808 1696 exsortem
837 1659 978 1696 ducere
1006 1657 1209 1696 honorem.

192 1712 343 1762 ‘Ipsius
371 1711 568 1761 Anchisae
596 1710 774 1761 lonoaevi
802 1711 878 1749 hoc
907 1723 1048 1748 munus
1075 1709 1249 1756 habebis,

194 1767 373 1805 ‘Cratera
402 1755 619 1814 iri'p‘r'e'ssum
649 1741 776 1814 gignis,
807 1775 925 1812 quern
955 1762 1144 1801 Thracius
1174 1762 1267 1801 olim

193 1819 410 1857 ‘Anchisae
438 1817 602 1868 genitori
629 1817 670 1854 in
699 1830 840 1867 magno
869 1829 1029 1854 munere
1059 1815 1215 1876 (Lisseus

193 1873 330 1910 ‘Ferre
361 1871 420 1910 sui
453 1872 615 1910 dederat
647 1877 948 1909 monumentum
981 1877 1020 1908 et
1053 1865 1192 1921 pigri-us
1225 1866 1394 1906 amoris.’

191 1918 382 1963 Sic-fatus
413 1923 532 1973 cingit
561 1922 740 1962 viridanti
772 1930 950 1972 tempora
981 1923 1102 1969 lauro,

193 1979 242 2015 Et
272 1977 439 2027 primurn
474 1984 564 2015 ante
598 1989 735 2015 omnes
767 1975 955 2014 victorem
986 1975 1155 2024 appellat
1187 1976 1368 2013 Acesten.

193 2032 279 2068 Nec
312 2031 437 2069 bonus
474 2029 659 2078 Eurytion
693 2030 866 2079 praelato
899 2028 1036 2067 invidit
1069 2027 1218 2074 honori,

192 2083 379 2132 Quamvis
410 2084 514 2121 solus
547 2095 658 2120 avem
693 2083 802 2120 caelo
833 2081 974 2120 deiecit
1007 2082 1058 2119 ab
1091 2082 1181 2118 alto.

193 2136 395 2174 Proximus
425 2135 637 2185 ingreditur
669 2135 784 2174 donis
818 2134 885 2184 qui
917 2134 1072 2172 vincula
1100 2133 1228 2183 rupit;

193 2191 409 2235 Extremus,
442 2187 589 2226 volucri
621 2188 685 2237 qui
720 2187 801 2226 fixit
834 2187 1023 2226 arundine
1055 2187 1212 2224 malum.

244 2244 298 2280 At
330 2249 441 2292 pater
473 2244 638 2287 Aeneas,
674 2242 850 2279 nondum
884 2238 1094 2278 certamine
1128 2239 1259 2284 misso,

1423 394 1497 432 510

1426 658 1497 696 515

1428 923 1502 961 520

1428 1189 1501 1227 525

1432 1454 1506 1492 530

1433 1719 1506 1758 535

1433 1984 1510 2023 540

1434 2249 1508 2288 545
